<record xmlns="http://www.loc.gov/MARC21/slim" xmlns:xsi="http://www.w3.org/2001/XMLSchema-instance" xsi:schemaLocation="http://www.loc.gov/MARC21/slim http://www.loc.gov/standards/marcxml/schema/MARC21slim.xsd"><leader>     nam a22        4500</leader><controlfield tag="001">001897911</controlfield><controlfield tag="003">NNU</controlfield><controlfield tag="006">m        d        </controlfield><controlfield tag="007">cr cn |||m|||a</controlfield><controlfield tag="008">150313s1961    iq      o     000 1 ararc</controlfield><datafield ind1=" " ind2=" " tag="040"><subfield code="a">NNU</subfield><subfield code="b">eng</subfield><subfield code="c">NNU</subfield></datafield><datafield ind1="1" ind2=" " tag="100"><subfield code="a">J&#257;bir, Sh&#257;kir.</subfield></datafield><datafield ind1="1" ind2="3" tag="245"><subfield code="a">al-Ayy&#257;m al-mu&#7693;&#299;&#700;ah</subfield><subfield code="h">[electronic resource] /</subfield><subfield code="c">qi&#7779;&#7779;ah bi-qalam Sh&#257;kir J&#257;bir.</subfield></datafield><datafield ind1=" " ind2=" " tag="250"><subfield code="a">[al-&#7788;ab&#699;ah 1]</subfield></datafield><datafield ind1=" " ind2=" " tag="260"><subfield code="a">Baghd&#257;d,</subfield><subfield code="c">Ma&#7789;ba&#699;at al-Jumh&#363;r&#299;yah</subfield><subfield code="c">[1961]</subfield></datafield><datafield ind1=" " ind2=" " tag="300"><subfield code="a">online resource (95 p.)</subfield></datafield><datafield ind1=" " ind2=" " tag="500"><subfield code="a">Part of the Arabic Collections Online (ACO) project, contributed by New York Univeristy Libraries.</subfield></datafield><datafield ind1=" " ind2=" " tag="533"><subfield code="a">Electronic reproduction.</subfield><subfield code="b">New York, N.Y. :</subfield><subfield code="c">New York University,</subfield><subfield code="d">2015.</subfield><subfield code="5">NNU</subfield></datafield><datafield ind1="2" ind2=" " tag="710"><subfield code="a">New York University.</subfield><subfield code="b">Libraries.</subfield></datafield><datafield ind1="0" ind2=" " tag="730"><subfield code="a">Arabic Collections Online.</subfield></datafield><datafield ind1="0" ind2="8" tag="776"><subfield code="i">Print version:</subfield><subfield code="a">J&#257;bir, Sh&#257;kir.</subfield><subfield code="t">al-Ayy&#257;m al-mu&#7693;&#299;&#700;ah</subfield><subfield code="w">(NNU)001897911</subfield><subfield code="w">(DLC)ne 65000228</subfield></datafield><datafield ind1="4" ind2="0" tag="856"><subfield code="u">http://hdl.handle.net/2333.1/1c59zzd2</subfield></datafield><datafield ind1=" " ind2=" " tag="959"><subfield code="a">NNU</subfield><subfield code="b">WEB</subfield><subfield code="c">GENI</subfield><subfield code="t">0</subfield><subfield code="m">Electronic access</subfield><subfield code="s">01</subfield></datafield><datafield ind1=" " ind2=" " tag="999"><subfield code="i">NNU_001897911</subfield><subfield code="s">nyu_aco000518</subfield><subfield code="e">(ERROR-880)</subfield></datafield></record>